@article{j:turing50,
  added-at = {2008-03-17T11:27:54.000+0100},
  author = {Turing, Alan M.},
  biburl = {http://www.bibsonomy.org/bibtex/284f8dcb41f0c8f26e10641a347e30ab0/nlp},
  interhash = {3f7a151a4f79fe75b4bb148b41279a9b},
  intrahash = {84f8dcb41f0c8f26e10641a347e30ab0},
  journal = {Mind},
  keywords = {2000 book nlp},
  pages = {433--460},
  timestamp = {2008-03-17T11:27:54.000+0100},
  title = {Computing Machinery and Intelligence},
  volume = 59,
  year = 1950
}

@article{Mcc43,
  added-at = {2008-09-29T18:25:59.000+0200},
  author = {McCulloch, W.S. and Pitts, W.},
  biburl = {http://www.bibsonomy.org/bibtex/21bb9f5a562a4ca7ad9c5d9ba8af91562/mcdiaz},
  interhash = {f9ac013a9ed96a36c8771b3a1ce71702},
  intrahash = {1bb9f5a562a4ca7ad9c5d9ba8af91562},
  journal = {Bulletin of Mathematical Biophysic},
  keywords = {imported},
  number = 5,
  pages = {115-133},
  timestamp = {2008-09-29T18:25:59.000+0200},
  title = {A logical calculus of the ideas immanent in nervous activity},
  year = 1943
}

@book{RusselNo10,
  author = {Russell, Stuart and Norvig, Peter},
  biburl = {http://www.bibsonomy.org/bibtex/20533b732950d1c5ab4ac12d4f32fe637/emanuel},
  edition = 3,
  publisher = {Prentice Hall},
  timestamp = {2010-05-11T15:41:52.000+0200},
  title = {Artificial Intelligence: A Modern Approach},
  year = 2010
}

@book{haykin99a,
  added-at = {2009-10-27T06:49:28.000+0100},
  author = {Haykin, Simon},
  biburl = {http://www.bibsonomy.org/bibtex/2e13a49ec715f4e52f1dcca0d4c5c8b2c/chrmina},
  description = {Thesis BIB},
  interhash = {9c833e39d6ac9c0a31aca034fb641190},
  intrahash = {e13a49ec715f4e52f1dcca0d4c5c8b2c},
  keywords = {imported},
  publisher = {Prentice Hall},
  timestamp = {2009-10-27T06:49:28.000+0100},
  title = {Neural Networks: A Comprehensive Foundation},
  year = 1999
}

@book{galilei_dialogue_1953,
	title = {Dialogue concerning the two chief world systems: Ptolemaic and Copernican},
	shorttitle = {Dialogue concerning the two chief world systems},
	publisher = {University of California Pr},
	author = {Galilei, Galileo},
	year = {1953}
},

@book{galilei_sidereus_2004,
	title = {Sidereus Nuncius, Or The Sidereal Messenger},
	isbn = {9780226279039},
	language = {en},
	publisher = {Byzantium Press},	author = {Galilei, Galileo},
	year = {2004},
	keywords = {Science / Astronomy, Science / General}
}

@book{dyson_disturbing_1979,
  title={Disturbing the Universe},
  author={Dyson, F.J.},
  isbn={9780465016778},
  lccn={78020665},
  series={Basic Books 50 years},
  url={http://books.google.com.br/books?id=RHzoMeU2bxsC},
  year={1979},
  publisher={Basic Books}
}

@book{heath1921history,
  title={A History of Greek Mathematics},
  author={Heath, T.L.},
  number={v. 1},
  lccn={22005925},
  series={A History of Greek Mathematics},
  url={http://books.google.com.br/books?id=h4JsAAAAMAAJ},
  year={1921},
  publisher={Clarendon Press}
}

@book{goossens1994latex,
  title={The {\LaTeX} companion},
  author={Goossens, Michel and Mittelbach, Frank and Samarin, Alexander and Souidi, El Mamoun},
  year={1994},
  publisher={Addison-Wesley Reading, Massachusetts}
}

 @Unpublished{lshort,
 author = {Tobias Oetiker and Hubert Partl and Irene Hyna and Elisabeth Schlegl},
 title = {The Not So Short Introduction to {\LaTeXe}},
 month = {apr},
 year = {2014},
 url={http://tobi.oetiker.ch/lshort/}
 }
 
 @book{lamport1994latex,
  title={{\LaTeX} - A Document Preparation System},
  author={Lamport, Leslie},
  year={1994},
  publisher={Adisson-Wesley}
}
